@article{Felsenstein1985,
	Author = {Felsenstein, Joseph},
	Journal = {The American Naturalist},
	Number = {1},
	Pages = {1--15},
	Title = {Phylogenies and the Comparative Method},
	Volume = {125},
	Year = {1985}}

@article {Boettiger2012,
author = {Boettiger, Carl and Coop, Graham and Ralph, Peter},
title = {Is your phylogeny informative? measuring the power of comparative methods},
journal = {Evolution},
volume = {66},
number = {7},
publisher = {Blackwell Publishing Inc},
issn = {1558-5646},
url = {http://dx.doi.org/10.1111/j.1558-5646.2011.01574.x},
doi = {10.1111/j.1558-5646.2011.01574.x},
pages = {2240--2251},
keywords = {Comparative method, information criteria, model choice, parametric bootstrap, phylogenetics},
year = {2012},
}


@Article{SlaterPennell,
author = {Slater, Graham J and Pennell, Matthew W},
title = {Robust regression and posterior predictive simulation increase power to detect early bursts of trait evolution},
journal = {Systematic Biology},
year = {in press},
OPTkey = {•},
OPTvolume = {•},
OPTnumber = {•},
OPTpages = {•},
OPTmonth = {•},
OPTnote = {•},
OPTannote = {•}
}

@article{Harmon2010,
	Author = {Harmon, Luke J and Losos, Jonathan B and Jonathan Davies, T and Gillespie, Rosemary G and Gittleman, John L and Bryan Jennings, W and Kozak, Kenneth H and McPeek, Mark A and Moreno-Roark, Franck and Near, Thomas J and Purvis, Andy and Ricklefs, Robert E and Schluter, Dolph and Schulte II, James A and Seehausen, Ole and Sidlauskas, Brian L and Torres-Carvajal, Omar and Weir, Jason T and Mooers, Arne {\O}},
	Doi = {10.1111/j.1558-5646.2010.01025.x},
	Journal = {Evolution},
	Number = {8},
	Pages = {2385--2396},
	Title = {Early Bursts of Body Size and Shape Evolution are Rare in Comparative Data},
	Volume = {64},
	Year = {2010},
	Bdsk-Url-1 = {http://dx.doi.org/10.1111/j.1558-5646.2010.01025.x}}


@Article{Rabosky2013,
author = {Rabosky, Daniel L. and Santini, Francesco and Eastman, Jonathan and Smith, Stephen A. and Sidlauskus, Brian and Chang, Jonathan and Alfaro, Michael E.},
title = {Rates of speciation and morphological evolution are correlated across the largest vertebrate radiation},
journal = {Nature Communications},
year = {2013},
OPTkey = {•},
volume = {4},
OPTnumber = {•},
pages = {1958},
OPTmonth = {•},
OPTnote = {•},
OPTannote = {•}
}

@article{Venditti2011,
	Author = {Venditti, Chris and Meade, Andrew and Pagel, Mark},
	Date = {2011/11/17/print},
	Date-Added = {2012-09-21 14:04:24 -0400},
	Date-Modified = {2012-09-21 14:04:35 -0400},
	Day = {17},
	Isbn = {0028-0836},
	Journal = {Nature},
	L3 = {http://www.nature.com/nature/journal/v479/n7373/abs/nature10516.html#supplementary-information},
	M3 = {10.1038/nature10516},
	Month = {11},
	Number = {7373},
	Pages = {393--396},
	Publisher = {Nature Publishing Group, a division of Macmillan Publishers Limited. All Rights Reserved.},
	Title = {Multiple routes to mammalian diversity},
	Ty = {JOUR},
	Volume = {479},
	Year = {2011},
	Bdsk-Url-1 = {http://dx.doi.org/10.1038/nature10516}}

@article{ButlerKing2004,
	Author = {Butler, Marguerite A. and King, Aaron A.},
	Journal = {The American Naturalist},
	Number = {6},
	Pages = {683--695},
	Title = {Phylogenetic Comparative Analysis: A Modeling Approach for Adaptive Evolution.},
	Volume = {164},
	Year = {2004}}

@article{Omeara2006,
	Author = {O'Meara, Brian C. and An{\'e}, C{\'e}cile and Sanderson, Michael J. and Wainwright, Peter C.},
	Doi = {10.1111/j.0014-3820.2006.tb01171.x},
	Issn = {1558-5646},
	Journal = {Evolution},
	Number = {5},
	Pages = {922--933},
	Title = {Testing for Different Rates of Continuous Trait Evolution Using Likelihood},
	Volume = {60},
	Year = {2006},
	Bdsk-Url-1 = {http://dx.doi.org/10.1111/j.0014-3820.2006.tb01171.x}}}
	

@article{Eastman2011,
	Author = {Eastman, Jonathan M. and Alfaro, Michael E. and Joyce, Paul and Hipp, Andrew L. and Harmon, Luke J.},
	Doi = {10.1111/j.1558-5646.2011.01401.x},
	Journal = {Evolution},
	Number = {12},
	Pages = {3578--3589},
	Title = {A Novel Comparative Method for Identifying Shifts in the Rate of Character Evolution on Trees},
	Volume = {65},
	Year = {2011},
	Bdsk-Url-1 = {http://dx.doi.org/10.1111/j.1558-5646.2011.01401.x}}


@article {PennellHarmon,
author = {Pennell, Matthew W. and Harmon, Luke J.},
title = {An integrative view of phylogenetic comparative methods: connections to population genetics, community ecology, and paleobiology},
journal = {Annals of the New York Academy of Sciences},
volume = {1289},
number = {1},
issn = {1749-6632},
url = {http://dx.doi.org/10.1111/nyas.12157},
doi = {10.1111/nyas.12157},
pages = {90--105},
keywords = {macroevolution, phylogenies, fossils},
year = {2013},
}


@Article{Zanne2013,
  author =	 {A E Zanne and D C Tank and W K Cornwell and Jonathan M Eastman and Stephen A Smith and Daniel J McGlinn and Richard G FitzJohn and Brian C O'Meara and Angela T Moles and Dana L Royer and Ian J Wright and Lonnie Aarssen and Robert Bertin and John Dickie and Frank Hemmings and Michelle R Leishman and Kenwin Liu and Jacke Oleksyn and Alejandro Ordonez and Peter B Reich and Risa Sargent and Douglas E Soltis and Pamela S Soltis and Peter F Stevens and Nathan G Swenson and Laura Warman and Mark Westoby and J M Beaulieu},
  title =	 {Three keys to survival in the cold: growth habit,
                  leaf phenology and vessel diameter mold the
                  evolution of angiosperm freezing tolerance},
  journal =	 {Nature},
  year =	 {in press}
}

@article{Mahler2013,
author = {Mahler, D. Luke and Ingram, Travis and Revell, Liam J. and Losos, Jonathan B.}, 
title = {Exceptional Convergence on the Macroevolutionary Landscape in Island Lizard Radiations},
volume = {341}, 
number = {6143}, 
pages = {292--295}, 
year = {2013}, 
doi = {10.1126/science.1232392}, 
URL = {http://www.sciencemag.org/content/341/6143/292.abstract}, 
eprint = {http://www.sciencemag.org/content/341/6143/292.full.pdf}, 
journal = {Science} 
}

@article {Beaulieu2012,
author = {Beaulieu, Jeremy M. and Jhwueng, Dwueng-Chwuan and Boettiger, Carl and O'Meara, Brian C.},
title = {Modeling Stabilizing Selection: Expanding the Ornstein-Uhlenbeck Model of Adaptive Evolution},
journal = {Evolution},
volume = {66},
number = {8},
publisher = {Blackwell Publishing Inc},
issn = {1558-5646},
url = {http://dx.doi.org/10.1111/j.1558-5646.2012.01619.x},
doi = {10.1111/j.1558-5646.2012.01619.x},
pages = {2369--2383},
keywords = {Brownian motion, comparative method, continuous characters Hansen model, Ornstein–Uhlenbeck},
year = {2012},
}
